@inproceedings{brown2008,
	address = {{New York, NY, USA}},
	booktitle = {{CSCW ’08: Proceedings of the ACM 2008 conference on Computer supported cooperative work}},
	Isbn = {{978-1-60558-007-4}},
	Location = {{San Diego, CA, USA}},
	publisher = {{ACM}},
	author = {Garrett Brown and Travis Howe and Micheal Ihbe and Atul Prakash and Kevin Borders},
	title = {{Social networks and context-aware spam}},
	pages = {403-412},
	year = {{2008}},
	doi = {{http://doi.acm.org/10.1145/1460563.1460628}},
	tags = "social networks"
}

@techreport{fraunhofer2008,
	address = {{Rheinstraße 75, 64295 Darmstadt, Deutschland}},
	Editor = {SIT, Fraunhofer-Institut-Institut für Sichere Informationstechnologie},
	institution = {{{Fraunhofer-Institut-Institut für Sichere Informationstechnologie SIT}}},
	author = {{Fraunhofer-Institut-Institut für Sichere Informationstechnologie SIT}},
	title = {{Privatsphärenschutz in Soziale-Netzwerke-Plattformen}},
	year = {{2008}},
	tags = "social networks"
}

@inproceedings{gross2005,
	address = {{New York, NY, USA}},
	booktitle = {{WPES ’05: Proceedings of the 2005 ACM workshop on Privacy in the electronic society}},
	Isbn = {{1-59593-228-3}},
	Location = {{Alexandria, VA, USA}},
	publisher = {{ACM}},
	author = {Ralph Gross and Alessandro Acquisti and Heinz III, H.  John},
	title = {{Information revelation and privacy in online social networks}},
	pages = {71-80},
	year = {{2005}},
	doi = {{http://doi.acm.org/10.1145/1102199.1102214}},
	tags = "social networks"
}

@article{lively2003,
	author = {Charles E. Lively},
	title = {{Psychological Based Social Engineering}},
	journal = {{SANS Institute}},
	year = {{2003}},
}

@article{jones2004,
	author = {Chris Jones},
	title = {{Social Engineering: Understanding and Auditing}},
	journal = {{SANS Institute}},
	year = {{2004}},
}

@Article{socialenginee-2,
	title = {{social_engineering}},
	year = {{2007}},
}

@Article{socialphishin,
	title = {{social_phishing}},
	year = {{2007}},
}

@book{mitnick2003,
	address = {{New York, NY, USA}},
	Isbn = {{076454280X}},
	publisher = {{John Wiley \& Sons, Inc.}},
	author = {Mitnick, Kevin D. and Simon, William L.},
	title = {{The Art of Deception: Controlling the Human Element of Security}},
	year = {{2003}},
	tags = "social engineering"
}

@inproceedings{winkler1995,
	address = {{Berkeley, CA, USA}},
	booktitle = {{SSYM’95: Proceedings of the 5th conference on USENIX UNIX Security Symposium}},
	Location = {{Salt Lake City, Utah}},
	publisher = {{USENIX Association}},
	author = {Winkler, Ira S. and Dealy, Brian},
	title = {{Information Security Technology? ...Don’t Rely on It. A Case Study in Social Engineering}},
	year = {{1995}},
	tags = "social engineering"
}

@inproceedings{java2007,
	address = {{New York, NY, USA}},
	booktitle = {{WebKDD/SNA-KDD ’07: Proceedings of the 9th WebKDD and 1st SNA-KDD 2007 workshop on Web mining and social network analysis}},
	Isbn = {{978-1-59593-848-0}},
	Location = {{San Jose, California}},
	publisher = {{ACM}},
	author = {Java, Akshay and Song, Xiaodan and Finin, Tim and Tseng, Belle},
	title = {{Why we twitter: understanding microblogging usage and communities}},
	pages = {56-65},
	year = {{2007}},
	doi = {{http://doi.acm.org/10.1145/1348549.1348556}},
	tags = "twitter"
}

@inproceedings{krishnamurthy2008,
	address = {{New York, NY, USA}},
	booktitle = {{WOSP ’08: Proceedings of the first workshop on Online social networks}},
	Isbn = {{978-1-60558-182-8}},
	Location = {{Seattle, WA, USA}},
	publisher = {{ACM}},
	author = {Krishnamurthy, Balachander and Gill, Phillipa and Arlitt, Martin},
	title = {{A few chirps about twitter}},
	pages = {19-24},
	year = {{2008}},
	doi = {{http://doi.acm.org/10.1145/1397735.1397741}},
	tags = "twitter"
}

@misc{whitworth2009,
	howpublished = {{\url{http://news.bbc.co.uk/newsbeat/hi/technology/newsid_7948000/7948092.stm}}},
	month = {{March}},
	note = {{Last accessed, May 2009}},
	author = {Dan Whitworth},
	title = {{Twitter growth explodes in a year}},
	year = {{2009}},
	tags = "twitter"
}

@article{manske2000,
	Bibsource = {{DBLP, http://dblp.uni-trier.de}},
	Ee = {{http://dx.doi.org/10.1201/1086/43312.9.5.20001112/31378.10}},
	author = {Manske, Kurt},
	title = {{An Introduction to Social Engineering}},
	journal = {{Information Systems Security}},
	volume = {{9}},
	number = {{5}},
	pages = {1-7},
	year = {{2000}},
}

@book{raymond1996,
	address = {{Cambridge, MA, USA}},
	Isbn = {{0-262-68092-0}},
	publisher = {{MIT Press}},
	author = {Raymond, Eric S.},
	title = {{The new hacker’s dictionary (3rd ed.)}},
	year = {{1996}},
}

@inproceedings{thornburgh2004,
	address = {{New York, NY, USA}},
	booktitle = {{InfoSecCD ’04: Proceedings of the 1st annual conference on Information security curriculum development}},
	Isbn = {{1-59593-048-5}},
	Location = {{Kennesaw, Georgia}},
	publisher = {{ACM}},
	author = {Thornburgh, Tim},
	title = {{Social engineering: the "Dark Art"}},
	pages = {133-135},
	year = {{2004}},
	doi = {{http://doi.acm.org/10.1145/1059524.1059554}},
}

@inproceedings{orgill2004,
	address = {{New York, NY, USA}},
	booktitle = {{CITC5 ’04: Proceedings of the 5th conference on Information technology education}},
	Isbn = {{1-58113-936-5}},
	Location = {{Salt Lake City, UT, USA}},
	publisher = {{ACM}},
	author = {Orgill, Gregory L. and Romney, Gordon W. and Bailey, Michael G. and Orgill, Paul M.},
	title = {{The urgency for effective user privacy-education to counter social engineering attacks on secure computer systems}},
	pages = {177-181},
	year = {{2004}},
	doi = {{http://doi.acm.org/10.1145/1029533.1029577}},
}

@article{nolan2005,
	Address = {{New York, NY, USA}},
	Publisher = {{ACM}},
	author = {Nolan, Jason and Levesque, Michelle},
	title = {{Hacking human: data-archaeology and surveillance in social networks}},
	journal = {{SIGGROUP Bull.}},
	volume = {{25}},
	number = {{2}},
	pages = {33-37},
	year = {{2005}},
	doi = {{http://doi.acm.org/10.1145/1067721.1067728}},
}

@article{jagatic2007,
	Address = {{New York, NY, USA}},
	Issn = {{0001-0782}},
	Publisher = {{ACM}},
	author = {Jagatic, Tom N. and Johnson, Nathaniel A. and Jakobsson, Markus and Menczer, Filippo},
	title = {{Social phishing}},
	journal = {{Commun. ACM}},
	volume = {{50}},
	number = {{10}},
	pages = {94-100},
	year = {{2007}},
	doi = {{http://doi.acm.org/10.1145/1290958.1290968}},
}

