@inproceedings{brown2008,
	address = {{New York, NY, USA}},
	booktitle = {{CSCW ’08: Proceedings of the ACM 2008 conference on Computer supported cooperative work}},
	Isbn = {{978-1-60558-007-4}},
	Location = {{San Diego, CA, USA}},
	publisher = {{ACM}},
	author = {Garrett Brown and Travis Howe and Micheal Ihbe and Atul Prakash and Kevin Borders},
	title = {{Social networks and context-aware spam}},
	pages = {403-412},
	year = {{2008}},
	doi = {{http://doi.acm.org/10.1145/1460563.1460628}},
	tags = "social networks"
}

@techreport{fraunhofer2008,
	address = {{Rheinstraße 75, 64295 Darmstadt, Deutschland}},
	Editor = {SIT, Fraunhofer-Institut-Institut für Sichere Informationstechnologie},
	institution = {{{Fraunhofer-Institut-Institut für Sichere Informationstechnologie SIT}}},
	author = {{Fraunhofer-Institut-Institut für Sichere Informationstechnologie SIT}},
	title = {{Privatsphärenschutz in Soziale-Netzwerke-Plattformen}},
	year = {{2008}},
	tags = "social networks"
}

@inproceedings{gross2005,
	address = {{New York, NY, USA}},
	booktitle = {{WPES ’05: Proceedings of the 2005 ACM workshop on Privacy in the electronic society}},
	Isbn = {{1-59593-228-3}},
	Location = {{Alexandria, VA, USA}},
	publisher = {{ACM}},
	author = {Ralph Gross and Alessandro Acquisti and Heinz III, H.  John},
	title = {{Information revelation and privacy in online social networks}},
	pages = {71-80},
	year = {{2005}},
	doi = {{http://doi.acm.org/10.1145/1102199.1102214}},
	tags = "social networks"
}

@Article{fourth-factor,
	title = {{fourth-factor_authentication:_somebody_you_know}},
	year = {{2006}},
}

@Article{socialenginee,
	title = {{social_engineering:_the_dark_art}},
	year = {{2005}},
}

@Article{psychological,
	title = {{psychological_based_social_engineering}},
	year = {{2004}},
}

@Article{socialenginee-1,
	title = {{social_engineering:_understanding_and_auditing}},
	year = {{2004}},
}

@Article{hackinghuman:,
	title = {{hacking_human:_data-archaeology_and_surveillance_in_social_networks}},
	year = {{2005}},
}

@Article{whywetwitter,
	title = {{why_we_twitter:_understanding_microblogging_usage_and_communities}},
	year = {{2007}},
}

@Article{socialenginee-2,
	title = {{social_engineering}},
	year = {{2007}},
}

@Article{semanticanaly,
	title = {{semantic_analytics_on_social_networks}},
	year = {{2006}},
}

@Article{theurgencyfo,
	title = {{the_urgency_for_effective_user_privacy-education_to_counter_social_engineering_attacks_on_secure_computer_systems}},
	year = {{2004}},
}

@Article{socialphishin,
	title = {{social_phishing}},
	year = {{2007}},
}

@book{mitnick2003,
	address = {{New York, NY, USA}},
	Isbn = {{076454280X}},
	publisher = {{John Wiley \& Sons, Inc.}},
	author = {Mitnick, Kevin D. and Simon, William L.},
	title = {{The Art of Deception: Controlling the Human Element of Security}},
	year = {{2003}},
	tags = "social engineering"
}

@inproceedings{winkler1995,
	address = {{Berkeley, CA, USA}},
	booktitle = {{SSYM’95: Proceedings of the 5th conference on USENIX UNIX Security Symposium}},
	Location = {{Salt Lake City, Utah}},
	publisher = {{USENIX Association}},
	author = {Winkler, Ira S. and Dealy, Brian},
	title = {{Information Security Technology? ...Don’t Rely on It. A Case Study in Social Engineering}},
	year = {{1995}},
	tags = "social engineering"
}

